<record xmlns="http://www.loc.gov/MARC21/slim">
   <leader>01737cam a2200421 a 4500</leader>
   <controlfield tag="001">6677749</controlfield>
   <controlfield tag="003">FlBoTFG</controlfield>
   <controlfield tag="005">20140910124938.0</controlfield>
   <controlfield tag="006">m    ||  d |      </controlfield>
   <controlfield tag="007">cr |||</controlfield>
   <controlfield tag="008">140910t20152015fluad   ob    001 0 eng d</controlfield>
   <datafield ind1=" " ind2=" " tag="020">
      <subfield code="a">9781482212464 (e-book : PDF)</subfield>
   </datafield>
   <datafield ind1=" " ind2=" " tag="035">
      <subfield code="a">ocn889264378</subfield>
   </datafield>
   <datafield ind1=" " ind2=" " tag="039">
      <subfield code="a">exclude</subfield>
   </datafield>
   <datafield ind1=" " ind2=" " tag="040">
      <subfield code="a">FlBoTFG</subfield>
      <subfield code="c">FlBoTFG</subfield>
      <subfield code="d">AEU</subfield>
   </datafield>
   <datafield ind1=" " ind2="4" tag="050">
      <subfield code="a">QP185</subfield>
      <subfield code="b">.L58 2015</subfield>
   </datafield>
   <datafield ind1="0" ind2=" " tag="082">
      <subfield code="a">612.35</subfield>
      <subfield code="b">L784</subfield>
   </datafield>
   <datafield ind1=" " ind2=" " tag="090">
      <subfield code="a">Internet Access</subfield>
      <subfield code="b">AEU</subfield>
   </datafield>
   <datafield ind1="0" ind2="0" tag="245">
      <subfield code="a">Liver metabolism and fatty liver disease</subfield>
      <subfield code="h">[electronic resource] /</subfield>
      <subfield code="c">edited by Oren Tirosh.</subfield>
   </datafield>
   <datafield ind1=" " ind2="1" tag="264">
      <subfield code="a">Boca Raton :</subfield>
      <subfield code="b">CRC Press,</subfield>
      <subfield code="c">[2015]</subfield>
   </datafield>
   <datafield ind1=" " ind2="4" tag="264">
      <subfield code="c">©2015</subfield>
   </datafield>
   <datafield ind1=" " ind2=" " tag="300">
      <subfield code="a">xix, 319 pages :</subfield>
      <subfield code="b">illustrations ;</subfield>
      <subfield code="c">[ca. 23-29] cm.</subfield>
   </datafield>
   <datafield ind1=" " ind2=" " tag="336">
      <subfield code="a">text</subfield>
      <subfield code="2">rdacontent</subfield>
   </datafield>
   <datafield ind1=" " ind2=" " tag="337">
      <subfield code="a">unmediated</subfield>
      <subfield code="2">rdamedia</subfield>
   </datafield>
   <datafield ind1=" " ind2=" " tag="338">
      <subfield code="a">volume</subfield>
      <subfield code="2">rdacarrier</subfield>
   </datafield>
   <datafield ind1="1" ind2=" " tag="490">
      <subfield code="a">Oxidative stress and disease ;</subfield>
      <subfield code="v">35</subfield>
   </datafield>
   <datafield ind1=" " ind2=" " tag="504">
      <subfield code="a">Includes bibliographical references and index.</subfield>
   </datafield>
   <datafield ind1="0" ind2=" " tag="505">
      <subfield code="a">section 1. Introduction to fatty liver disease and consequences -- section 2. Fatty liver disease and consequences -- section 3. Nutrition role in liver protection and damage.</subfield>
   </datafield>
   <datafield ind1=" " ind2=" " tag="506">
      <subfield code="a">Access restricted to authorized users and institutions.</subfield>
   </datafield>
   <datafield ind1=" " ind2=" " tag="533">
      <subfield code="a">Electronic reproduction.</subfield>
      <subfield code="b">[Boca Raton, Fla. :</subfield>
      <subfield code="b">CRC Press,</subfield>
      <subfield code="d">2014].</subfield>
      <subfield code="n">PDF file created from digital scan of print book.</subfield>
   </datafield>
   <datafield ind1=" " ind2=" " tag="596">
      <subfield code="a">44</subfield>
   </datafield>
   <datafield ind1=" " ind2="0" tag="650">
      <subfield code="a">Liver</subfield>
      <subfield code="x">Metabolism.</subfield>
   </datafield>
   <datafield ind1=" " ind2="0" tag="650">
      <subfield code="a">Liver</subfield>
      <subfield code="x">Diseases.</subfield>
   </datafield>
   <datafield ind1="1" ind2=" " tag="700">
      <subfield code="a">Tirosh, Oren,</subfield>
      <subfield code="e">editor.</subfield>
   </datafield>
   <datafield ind1=" " ind2="0" tag="830">
      <subfield code="a">Oxidative stress and disease ;</subfield>
      <subfield code="v">35.</subfield>
   </datafield>
   <datafield ind1="4" ind2="0" tag="856">
      <subfield code="3">University of Alberta Access</subfield>
      <subfield code="u">http://marc.crcnetbase.com/isbn/9781482212464</subfield>
      <subfield code="z">(Unlimited Concurrent Users)</subfield>
   </datafield>
   <datafield ind1=" " ind2=" " tag="949">
      <subfield code="h">UAIN</subfield>
      <subfield code="z">CRC</subfield>
   </datafield>
   <datafield ind1=" " ind2=" " tag="926">
      <subfield code="a">Internet Access</subfield>
      <subfield code="w">LC</subfield>
      <subfield code="c">1</subfield>
      <subfield code="i">6677749-1001</subfield>
      <subfield code="l">INTERNET</subfield>
      <subfield code="m">UAINTERNET</subfield>
      <subfield code="r">Y</subfield>
      <subfield code="s">Y</subfield>
      <subfield code="t">E-RESOURCE</subfield>
      <subfield code="u">9/15/2014</subfield>
      <subfield code="x">E-BOOK</subfield>
      <subfield code="z">CRC</subfield>
   </datafield>
</record>
